
   <record>
      <leader>00000nz  a2200000nc 4500</leader>
      <controlfield tag="001">institutions/30070234</controlfield>
      <controlfield tag="003">DE-633</controlfield>
      <controlfield tag="005">20250620052104.0</controlfield>
      <controlfield tag="008">161109||||z|||a|||||||||||||||||n||||||d</controlfield>
      <datafield tag="024" ind1="7" ind2=" ">
         <subfield code="a">LT-Vb</subfield>
         <subfield code="q">siglum</subfield>
         <subfield code="2">rism</subfield>
      </datafield>
      <datafield tag="034" ind1="2" ind2=" ">
         <subfield code="d">25.2929056</subfield>
         <subfield code="f">54.6825108</subfield>
      </datafield>
      <datafield tag="040" ind1=" " ind2=" ">
         <subfield code="a">DE-633</subfield>
         <subfield code="c">DE-633</subfield>
         <subfield code="e">rismg</subfield>
      </datafield>
      <datafield tag="043" ind1=" " ind2=" ">
         <subfield code="c">XA-LT</subfield>
      </datafield>
      <datafield tag="110" ind1="2" ind2=" ">
         <subfield code="a">Šv. Pranciškaus ir Šv. Bernardino vienuolynas</subfield>
         <subfield code="c">Vilnius</subfield>
         <subfield code="g">LT-Vb</subfield>
      </datafield>
      <datafield tag="368" ind1=" " ind2=" ">
         <subfield code="a">Library</subfield>
      </datafield>
      <datafield tag="368" ind1=" " ind2=" ">
         <subfield code="a">Institution</subfield>
      </datafield>
      <datafield tag="371" ind1=" " ind2=" ">
         <subfield code="a">Šv. Pranciškaus ir Šv. Bernardino,  vienuolynas, Maironio g. 10, 01124 Vilnius, Lithuania</subfield>
         <subfield code="u">http://www.ofm.lt/bendruomenes/vilnius</subfield>
      </datafield>
      <datafield tag="551" ind1=" " ind2=" ">
         <subfield code="a">Vilnius</subfield>
         <subfield code="0">places/3901112</subfield>
      </datafield>
   </record>