
   <record>
      <leader>00000nz  a2200000nc 4500</leader>
      <controlfield tag="001">institutions/51000010</controlfield>
      <controlfield tag="003">DE-633</controlfield>
      <controlfield tag="005">20250620052234.0</controlfield>
      <controlfield tag="008">161121||||z|||a|||||||||||||||||n||||||d</controlfield>
      <datafield tag="024" ind1="7" ind2=" ">
         <subfield code="a">263094646</subfield>
         <subfield code="2">VIAF</subfield>
      </datafield>
      <datafield tag="024" ind1="7" ind2=" ">
         <subfield code="a">1242174-1</subfield>
         <subfield code="2">DNB</subfield>
      </datafield>
      <datafield tag="024" ind1="7" ind2=" ">
         <subfield code="a">LT-Vlma</subfield>
         <subfield code="q">siglum</subfield>
         <subfield code="2">rism</subfield>
      </datafield>
      <datafield tag="034" ind1="1" ind2=" ">
         <subfield code="d">25.320652712355937</subfield>
         <subfield code="f">54.728369329866815</subfield>
      </datafield>
      <datafield tag="040" ind1=" " ind2=" ">
         <subfield code="a">DE-633</subfield>
         <subfield code="c">DE-633</subfield>
         <subfield code="e">rismg</subfield>
      </datafield>
      <datafield tag="043" ind1=" " ind2=" ">
         <subfield code="c">XA-LT</subfield>
      </datafield>
      <datafield tag="110" ind1="1" ind2=" ">
         <subfield code="a">Lietuvos literatūros ir meno archyvas</subfield>
         <subfield code="c">Vilnius</subfield>
         <subfield code="g">LT-Vlma</subfield>
      </datafield>
      <datafield tag="368" ind1=" " ind2=" ">
         <subfield code="a">Institution</subfield>
         <subfield code="a">Library</subfield>
         <subfield code="a">Archive</subfield>
      </datafield>
      <datafield tag="371" ind1=" " ind2=" ">
         <subfield code="a">O. Milašiaus 19</subfield>
         <subfield code="b">10102 Vilnius</subfield>
         <subfield code="d">Lithuania</subfield>
         <subfield code="m">llma@archyvai.lt</subfield>
         <subfield code="u">https://llma.archyvai.lrv.lt/lt/</subfield>
         <subfield code="z">tel no: +370 / 5 / 265 2624</subfield>
         <subfield code="z">fax: +370 / 5 / 265 2624</subfield>
      </datafield>
      <datafield tag="510" ind1="2" ind2=" ">
         <subfield code="a">Lithuanian Archives of Literature and Art</subfield>
      </datafield>
      <datafield tag="551" ind1="1" ind2=" ">
         <subfield code="a">Vilnius</subfield>
         <subfield code="0">places/3901112</subfield>
      </datafield>
   </record>