
   <record>
      <leader>00000nz  a2200000nc 4500</leader>
      <controlfield tag="001">institutions/51003516</controlfield>
      <controlfield tag="003">DE-633</controlfield>
      <controlfield tag="005">20250620052250.0</controlfield>
      <controlfield tag="008">191120||||z|||a|||||||||||||||||n||||||d</controlfield>
      <datafield tag="024" ind1="7" ind2=" ">
         <subfield code="a">312927592</subfield>
         <subfield code="2">VIAF</subfield>
      </datafield>
      <datafield tag="024" ind1="7" ind2=" ">
         <subfield code="a">Q16459028</subfield>
         <subfield code="2">WKP</subfield>
      </datafield>
      <datafield tag="024" ind1="7" ind2=" ">
         <subfield code="a">LT-Vlvia</subfield>
         <subfield code="q">siglum</subfield>
         <subfield code="2">rism</subfield>
      </datafield>
      <datafield tag="034" ind1="1" ind2=" ">
         <subfield code="d">25.273212</subfield>
         <subfield code="f">54.681582</subfield>
      </datafield>
      <datafield tag="040" ind1=" " ind2=" ">
         <subfield code="a">DE-633</subfield>
         <subfield code="c">DE-633</subfield>
         <subfield code="e">rismg</subfield>
      </datafield>
      <datafield tag="043" ind1=" " ind2=" ">
         <subfield code="c">XA-LT</subfield>
      </datafield>
      <datafield tag="110" ind1="1" ind2=" ">
         <subfield code="a">Lietuvos valstybės istorijos archyvas</subfield>
         <subfield code="c">Vilnius</subfield>
         <subfield code="g">LT-Vlvia</subfield>
      </datafield>
      <datafield tag="368" ind1=" " ind2=" ">
         <subfield code="a">Institution</subfield>
         <subfield code="a">Library</subfield>
         <subfield code="a">Archive</subfield>
      </datafield>
      <datafield tag="371" ind1=" " ind2=" ">
         <subfield code="a">Mindaugo g. 8</subfield>
         <subfield code="b">Vilnius</subfield>
         <subfield code="d">Lithuania</subfield>
         <subfield code="e">03107</subfield>
         <subfield code="m">istorijos.archyvas@lvia.lt</subfield>
         <subfield code="u">http://www.archyvai.lt/lt/lvia_naujienos.html</subfield>
         <subfield code="u">http://www.archyvai.lt/en/archives/historicalarchives.html</subfield>
         <subfield code="z">tel: +370 / 5 / 219 5320</subfield>
         <subfield code="z">fax: +370 / 5 / 278 43 69</subfield>
      </datafield>
      <datafield tag="410" ind1=" " ind2=" ">
         <subfield code="a">Lithuanian State Historical Archives</subfield>
      </datafield>
      <datafield tag="551" ind1="1" ind2=" ">
         <subfield code="a">Vilnius</subfield>
         <subfield code="0">places/3901112</subfield>
      </datafield>
   </record>