
   <record>
      <leader>00000nz  a2200000nc 4500</leader>
      <controlfield tag="001">institutions/30005763</controlfield>
      <controlfield tag="003">DE-633</controlfield>
      <controlfield tag="005">20250620052042.0</controlfield>
      <controlfield tag="008">161109||||z|||a|||||||||||||||||n||||||d</controlfield>
      <datafield tag="024" ind1="7" ind2=" ">
         <subfield code="a">2913154387449030970008</subfield>
         <subfield code="2">VIAF</subfield>
      </datafield>
      <datafield tag="024" ind1="7" ind2=" ">
         <subfield code="a">LT-Vn</subfield>
         <subfield code="q">siglum</subfield>
         <subfield code="2">rism</subfield>
      </datafield>
      <datafield tag="034" ind1="1" ind2=" ">
         <subfield code="d">25.263681511897413</subfield>
         <subfield code="f">54.69058203598293</subfield>
      </datafield>
      <datafield tag="040" ind1=" " ind2=" ">
         <subfield code="a">DE-633</subfield>
         <subfield code="c">DE-633</subfield>
         <subfield code="e">rismg</subfield>
      </datafield>
      <datafield tag="043" ind1=" " ind2=" ">
         <subfield code="c">XA-LT</subfield>
      </datafield>
      <datafield tag="110" ind1="1" ind2=" ">
         <subfield code="a">Lietuvos nacionalinė Martyno Mažvydo biblioteka, muzikos skyrius</subfield>
         <subfield code="c">Vilnius</subfield>
         <subfield code="g">LT-Vn</subfield>
      </datafield>
      <datafield tag="368" ind1=" " ind2=" ">
         <subfield code="a">Institution</subfield>
         <subfield code="a">Library</subfield>
      </datafield>
      <datafield tag="371" ind1=" " ind2=" ">
         <subfield code="a">Gedimino pr. 51</subfield>
         <subfield code="b">01504 Vilnius</subfield>
         <subfield code="d">Lithuania</subfield>
         <subfield code="m">zivile.casaite@lnb.lt</subfield>
         <subfield code="u">https://www.lnb.lt/</subfield>
         <subfield code="z">contact: Živilė Časaitė</subfield>
         <subfield code="z">tel: +370 / 5 2398677</subfield>
      </datafield>
      <datafield tag="410" ind1=" " ind2=" ">
         <subfield code="a">Martynas Mažvydas National Library of Lithuania, Music Department</subfield>
      </datafield>
      <datafield tag="551" ind1="1" ind2=" ">
         <subfield code="a">Vilnius</subfield>
         <subfield code="0">places/3901112</subfield>
      </datafield>
      <datafield tag="667" ind1=" " ind2=" ">
         <subfield code="a">Published sources: 127</subfield>
      </datafield>
   </record>